@gd{depl_desc,
word={deployment descriptor},
definition={Ein Konstrukt, das der Laufzeitumgebung eines Web Service für das Deployment benötigte Parameter liefert.}
}

@gd{sei,
word={Service Endpoint Interface},
definition={Ein Java-Interface, das Definitionen zum abstrakten WSDL-Interface enthält.}
}

@gd{handlers,
word={Handler},
definition={Modifizieren Nachrichten vor und nach der Bearbeitung durch Web Services.}
}
