@Misc{wk_soa,
author = {wikipedia.org},
title = {Service-oriented architecture},
howpublished = {\url{http://en.wikipedia.org/wiki/Service-oriented\_architecture}},
year = {25.12.2008}
}

@Misc{wk_wsdl,
author = {wikipedia.org},
title = {Web Services Description Language},
howpublished = {\url{http://en.wikipedia.org/wiki/Web\_Services\_Description\_Language}},
year = {11.12.2008}
}

@Misc{wk_soap,
author = {wikipedia.org},
title = {SOAP (protocol)},
howpublished = {\url{http://en.wikipedia.org/wiki/SOAP\_(protocol)}},
year = {26.12.2008}
}

@Misc{wk_ws,
author = {wikipedia.org},
title = {Web service},
howpublished = {\url{http://en.wikipedia.org/wiki/Web_service}},
year = {26.12.2008}
}

@Misc{w3c_wsgloss_ws,
author = {W3C},
title = {Web Services Glossary},
howpublished = {\url{http://www.w3.org/TR/ws-gloss/#webservice}},
year = {11.02.2004}
}

