@gd{depl_desc,
word={deployment descriptor},
definition={Ein Konstrukt, das der Laufzeitumgebung eines Web Service für das Deployment benötigte Parameter liefert.}
}