@BOOK{WSPA,
  title = {{Web Services Platform Architecture: SOAP, WSDL, WS-Policy, WS-Addressing,
	WS-BPEL, WS-Reliable Messaging and More}},
  publisher = {Prentice Hall PTR},
  year = {2005},
  author = {Francisco Curbera and Frank Leymann and Tony Storey and Donald Ferguson
	and Sanjiva Weerawarana},
  isbn = {0131488740},
  price = {£23.75}
}

@MISC{wsfl,
  author = {Frank Leymann},
  title = {{Web Services Flow Language (WSFL 1.0)}},
  year = {2001},
  note = {IBM Software Group},
  timestamp = {2007.01.08}
}

@BOOK{LR00,
  title = {{Production Workflow -- Concepts and Techniques}},
  publisher = {Prentice Hall PTR},
  year = {2000},
  author = {Frank Leymann and Dieter Roller},
  isbn = {0130217530}
}

@Manual{bpel20,
  author = {{OASIS}},
  title = {{Web Services Business Process Execution Language Version 2.0 --
	OASIS Standard}},
  year = {2007},
  key = {Organization for the Advancement of Structured Information Standards}
}