@Book{svn,
  author = {Ben Collins-Sussman, Brian W. Fitzpatrick, C. Michael Pilato},
  title = {Version Control with Subversion: For Subversion 1.5: (Compiled from r3305)},
  publisher = {TBA},
  year = {2008},
  url = {http://svnbook.red-bean.com/en/1.5/svn-book.pdf},
  owner = {CollabNet},
  timestamp = {2009.02.02}
}

@Book{maven,
  author = {Gunther Popp},
  title = {Konfigurationsmanagement mit Subversion, Ant und Maven},
  publisher = {dpunkt.verlag},
  year = {2006},
  url = {http://maven.apache.org/what-is-maven.html},
  timestamp = {2009.02.02}
}

@Book{convention,
  author = {Vincent Massol, Jason van Zyl, Brett Porter, John Casey, Carlos Sanchez},
  title = {Better builds with Maven},
  publisher = {Exist Global},
  year = {2008},
  url = {http://repo.exist.com/dist/maestro/1.7.0/BetterBuildsWithMaven.pdf},
  timestamp = {2009.02.02}
}

@Book{ant,
  author = {Bernd Matzke},
  title = {Ant},
  publisher = {dpunkt.verlag},
  year = {2003}
  url = {http://ant.apache.org/},
  timestamp = {2009.02.02}
}

@Book{make,
  author = {Andrew Oram, Steve Talbott},
  title = {Managing Projects with make},
  publisher = {O'Reilly und Associates, Inc.},
  year = {1986},
  url = {http://www.gnu.org/software/make/},
  timestamp = {2009.02.02}
}

@Book{agil,
  author = {Jochen Ludewig, Horst Lichter},
  title = {Software Engineering},
  publisher = {dpunkt.verlag},
  year = {2006},
  timestamp = {2009.02.04}
}

@Book{cvs,
  author = {Frank Budszuhn},
  title = {CVS},
  publisher = {Galileo Computing}
  year = {2005},
  timestamp = {2009.02.04}
}

@ELECTRONIC{hudson,
  author = {http://hudson.gotdns.com/wiki/display/HUDSON/Meet+Hudson},
  url = {http://hudson.gotdns.com/wiki/display/HUDSON/Meet+Hudson},
  timestamp = {2009.01.29}
}

@ELECTRONIC{maven-eclipse,
  author = {http://maven.apache.org/eclipse-plugin.html},
  url = {http://maven.apache.org/eclipse-plugin.html},
  timestamp = {2009.01.29}
}

@ELECTRONIC{netbeans,
  author = {http://www.netbeans.org/kb/articles/subversion-preview.html},
  url = {http://www.netbeans.org/kb/articles/subversion-preview.html},
  timestamp = {2009.02.03}
}

@ELECTRONIC{rapidSVN,
  author = {http://rapidsvn.tigris.org/},
  url = {http://rapidsvn.tigris.org/},
  owner = {ace},
  timestamp = {2008.12.24}
}

@ELECTRONIC{smartsvn,
  author = {http://www.syntevo.com/smartsvn/index.html},
  url = {http://www.syntevo.com/smartsvn/index.html},
  owner = {ace},
  timestamp = {2008.12.24}
}

@ELECTRONIC{subclipse,
  author = {http://subclipse.tigris.org},
  url = {http://subclipse.tigris.org},
  owner = {ace},
  timestamp = {2008.12.24}
}

@ELECTRONIC{subcommander,
  author = {http://subcommander.tigris.org/},
  url = {http://subcommander.tigris.org/},
  owner = {ace},
  timestamp = {2008.12.24}
}

@ELECTRONIC{subversion,
  author = {Subversion. Meyers Online-Lexikon},
  url = {http://lexikon.meyers.de/wissen/Subversion},
  year = {2009}
  timestamp = {2009.01.29}
}

@ELECTRONIC{tortoiseSVN,
  author = {http://tortoisesvn.tigris.org/},
  url = {http://tortoisesvn.tigris.org/},
  owner = {ace},
  timestamp = {2008.12.24}
}

@ELECTRONIC{versions,
  author = {http://versionsapp.com/},
  url = {http://versionsapp.com/},
  owner = {ace},
  timestamp = {2008.12.24}
}

