% This file was created with JabRef 2.4.2.
% Encoding: UTF-8

@ELECTRONIC{rapidSVN,
  author = {http://rapidsvn.tigris.org/},
  url = {http://rapidsvn.tigris.org/},
  owner = {ace},
  timestamp = {2008.12.24}
}

@ELECTRONIC{smartsvn,
  author = {http://www.syntevo.com/smartsvn/index.html},
  url = {http://www.syntevo.com/smartsvn/index.html},
  owner = {ace},
  timestamp = {2008.12.24}
}

@ELECTRONIC{statsvn,
  author = {http://www.statsvn.org/},
  url = {http://www.statsvn.org/},
  owner = {ace},
  timestamp = {2008.12.24}
}

@ELECTRONIC{subclipse,
  author = {http://subclipse.tigris.org},
  url = {http://subclipse.tigris.org},
  owner = {ace},
  timestamp = {2008.12.24}
}

@ELECTRONIC{subcommander,
  author = {http://subcommander.tigris.org/},
  url = {http://subcommander.tigris.org/},
  owner = {ace},
  timestamp = {2008.12.24}
}

@ELECTRONIC{tortoiseSVN,
  author = {http://tortoisesvn.tigris.org/},
  url = {http://tortoisesvn.tigris.org/},
  owner = {ace},
  timestamp = {2008.12.24}
}

@ELECTRONIC{versions,
  author = {http://versionsapp.com/},
  url = {http://versionsapp.com/},
  owner = {ace},
  timestamp = {2008.12.24}
}

@ELECTRONIC{hudson, 
  author = {http://hudson.dev.net/},
  url = {http://hudson.dev.net/},
  owner = {ace},
  timestamp = {2009.29.01}
}
